@online{ wiki:bibtex,
  author = {Wikipedia},
  title = {BibTeX},
  year = 2015,
  url = {http://de.wikipedia.org/w/index.php?title=BibTeX&oldid=138872915},
  urldate = {2015-02-20}
}
@online{ rubik:history,
  author = {rubiks.com},
  title = {{THE HISTORY OF THE RUBIKS CUBE}},
  year = 2015,
  url = {http://eu.rubiks.com/about/the-history-of-the-rubiks-cube},
  urldate = {2015-02-20}
}
